

@book{book,
  author    = {N. Trunić}, 
  title     = {Osnovne košarkaške veštine},
  publisher = {Univerzitet Singidunum},
  year      = 2018,
  pages     = 333,
  isbn      = {978-86-7912-685-6}
}

@mastersthesis{kumanovic,
  author    = {Šime Kumanović},
  title     = {Značajnost slobodnih bacanja na strategiju igre i konačan rezultat utakmice},
  school    = {Kineziološki fakultet, Sveučilište u Zagrebu},
  year      = {2006},
  type      = {Magistarski rad},
  address   = {Zagreb}
}

@article{milanovic,
  author    = {Dragan Milanović},
  title     = {Utjecaj varijabli ubacivanja lopte u koš na konačni rezultat košarkaške utakmice.},
  journal   = {Kineziologija},
  volume    = {8},
  number    = {1-2},
  year      = {1978},
  pages     = {136--148},
  school    = {Fakultet za fizičku kulturu},
  address   = {Zagreb}
}

@book{Goodfellow-et-al-2016,
    title={Deep Learning},
    author={Ian Goodfellow and Yoshua Bengio and Aaron Courville},
    publisher={MIT Press},
    note={\url{http://www.deeplearningbook.org}},
    year={2016}
}




